<?xml version="1.0" encoding="UTF-8"?><record xmlns="http://www.loc.gov/MARC21/slim" xmlns:cinclude="http://apache.org/cocoon/include/1.0" xmlns:zs="http://www.loc.gov/zing/srw/">
  <leader>00390cz  a2200121n  4500</leader>
  <controlfield tag="001">n  89142710 </controlfield>
  <controlfield tag="003">DLC</controlfield>
  <controlfield tag="005">19900425055749.7</controlfield>
  <controlfield tag="008">900316n| acannaab|          |n ana ||| b</controlfield>
  <datafield tag="010" ind1=" " ind2=" ">
    <subfield code="a">n  89142710 </subfield>
  </datafield>
  <datafield tag="040" ind1=" " ind2=" ">
    <subfield code="a">DNLM</subfield>
    <subfield code="c">DLC</subfield>
  </datafield>
  <datafield tag="110" ind1="2" ind2="0">
    <subfield code="a">Kōsei Kagaku Kenkyū Rai Gan Shikkan Kenkyūhan (Japan)</subfield>
  </datafield>
  <datafield tag="670" ind1=" " ind2=" ">
    <subfield code="a">Raisei gan shikkan atorasu, 1981:</subfield>
    <subfield code="b">t.p. (Kōsei Kagaku Kenkyū Rai Gan Shikkan Kenkyūhan)</subfield>
  </datafield>
</record>